<?xml version="1.0" encoding="UTF-8"?><collection xmlns="http://www.loc.gov/MARC21/slim"><record><leader>00523nam--2200181-u-4500</leader><controlfield tag="001">000055416</controlfield><controlfield tag="002">20161230</controlfield><controlfield tag="005">20161230201052</controlfield><controlfield tag="008">130205s1000------------r-----000-0-eng-d</controlfield><datafield ind1=" " ind2=" " tag="040"><subfield code="a">IFIN-HH</subfield></datafield><datafield ind1=" " ind2=" " tag="080"><subfield code="a">802.0(075.3)</subfield></datafield><datafield ind1="1" ind2=" " tag="100"><subfield code="a">Stannard Allen, W</subfield></datafield><datafield ind1="1" ind2="0" tag="245"><subfield code="a">Living english speech</subfield><subfield code="b">Stress and inotnation practice for the foreign student</subfield><subfield code="c">W. stannard allen</subfield></datafield><datafield ind1=" " ind2=" " tag="250"><subfield code="a">Third Impression</subfield></datafield><datafield ind1=" " ind2=" " tag="260"><subfield code="a">London</subfield><subfield code="b">Longmans, Green And Co</subfield><subfield code="c">1957</subfield></datafield><datafield ind1=" " ind2=" " tag="300"><subfield code="a">XVI+196P</subfield></datafield><datafield ind1=" " ind2=" " tag="852"><subfield code="a">41875</subfield><subfield code="c">4</subfield></datafield><datafield ind1=" " ind2=" " tag="CAT"><subfield code="a">Sys</subfield><subfield code="c">20130205</subfield><subfield code="h">174330</subfield></datafield></record></collection>